<record><leader>02283cam a2200541oi 4500</leader><controlfield tag="001">6678506</controlfield><controlfield tag="003">CaONFJC</controlfield><controlfield tag="005">20140829103227.0</controlfield><controlfield tag="006">m        d        </controlfield><controlfield tag="007">cr |n|||||||||</controlfield><controlfield tag="008">140414s2015    enk     ob    001 0 eng d</controlfield><datafield ind1=" " ind2=" " tag="020"><subfield code="a">9781138021242 (hardback)</subfield></datafield><datafield ind1=" " ind2=" " tag="020"><subfield code="a">1138021245 (hardback)</subfield></datafield><datafield ind1=" " ind2=" " tag="020"><subfield code="a">9781315777894 (e-book)</subfield></datafield><datafield ind1=" " ind2=" " tag="020"><subfield code="a">9781322034287 (MyiLibrary)</subfield></datafield><datafield ind1=" " ind2=" " tag="037"><subfield code="a">634679</subfield><subfield code="b">MIL</subfield></datafield><datafield ind1=" " ind2=" " tag="039"><subfield code="a">exclude</subfield></datafield><datafield ind1=" " ind2=" " tag="040"><subfield code="a">CaONFJC</subfield><subfield code="c">CaONFJC</subfield><subfield code="e">rda</subfield><subfield code="d">AEU</subfield></datafield><datafield ind1=" " ind2=" " tag="043"><subfield code="a">a------</subfield></datafield><datafield ind1="0" ind2="4" tag="050"><subfield code="a">HC412</subfield><subfield code="b">.T727 2015eb</subfield></datafield><datafield ind1="0" ind2="4" tag="082"><subfield code="a">338.91095/09045</subfield><subfield code="2">23</subfield></datafield><datafield ind1=" " ind2=" " tag="084"><subfield code="a">HIS000000</subfield><subfield code="a">HIS003000</subfield><subfield code="a">HIS037000</subfield><subfield code="2">bisacsh</subfield></datafield><datafield ind1=" " ind2=" " tag="090"><subfield code="a">Internet Access</subfield><subfield code="b">AEGMCT</subfield></datafield><datafield ind1="0" ind2="4" tag="245"><subfield code="a">The transformation of the international order of Asia</subfield><subfield code="h">[electronic resource] :</subfield><subfield code="b">decolonization, the Cold War, and the Colombo Plan /</subfield><subfield code="c">edited by Shigeru Akita, Gerold Krozewski and Shoichi Watanabe.</subfield></datafield><datafield ind1=" " ind2="1" tag="264"><subfield code="a">Milton Park, Abingdon, Oxon ;</subfield><subfield code="a">New York, NY :</subfield><subfield code="b">Routledge,</subfield><subfield code="c">2015.</subfield></datafield><datafield ind1=" " ind2=" " tag="300"><subfield code="a">1 online resource (xxiii, 255 pages)</subfield></datafield><datafield ind1=" " ind2=" " tag="336"><subfield code="a">text</subfield><subfield code="b">txt</subfield><subfield code="2">rdacontent</subfield></datafield><datafield ind1=" " ind2=" " tag="337"><subfield code="a">computer</subfield><subfield code="b">c</subfield><subfield code="2">rdamedia</subfield></datafield><datafield ind1=" " ind2=" " tag="338"><subfield code="a">online resource</subfield><subfield code="b">cr</subfield><subfield code="2">rdacarrier</subfield></datafield><datafield ind1="1" ind2=" " tag="490"><subfield code="a">Routledge studies in the modern history of Asia ;</subfield><subfield code="v">97</subfield></datafield><datafield ind1=" " ind2=" " tag="504"><subfield code="a">Includes bibliographical references and index.</subfield></datafield><datafield ind1=" " ind2=" " tag="506"><subfield code="a">Access restricted to authorized users and institutions.</subfield></datafield><datafield ind1=" " ind2=" " tag="588"><subfield code="a">Description based on print version record.</subfield></datafield><datafield ind1=" " ind2=" " tag="596"><subfield code="a">57</subfield></datafield><datafield ind1="2" ind2="0" tag="610"><subfield code="a">Colombo Plan.</subfield></datafield><datafield ind1=" " ind2="0" tag="650"><subfield code="a">Economic development</subfield><subfield code="z">Asia.</subfield></datafield><datafield ind1=" " ind2="0" tag="650"><subfield code="a">Economic assistance</subfield><subfield code="z">Asia.</subfield></datafield><datafield ind1=" " ind2="0" tag="650"><subfield code="a">Decolonization</subfield><subfield code="z">Asia.</subfield></datafield><datafield ind1=" " ind2="0" tag="650"><subfield code="a">Cold War</subfield><subfield code="x">Economic aspects</subfield><subfield code="z">Asia.</subfield></datafield><datafield ind1=" " ind2="0" tag="650"><subfield code="a">Asian cooperation.</subfield></datafield><datafield ind1=" " ind2="0" tag="651"><subfield code="a">Asia</subfield><subfield code="x">Foreign economic relations.</subfield></datafield><datafield ind1="1" ind2=" " tag="700"><subfield code="a">Akita, Shigeru,</subfield><subfield code="e">author,</subfield><subfield code="e">editor of compilation.</subfield></datafield><datafield ind1="1" ind2=" " tag="700"><subfield code="a">Krozewski, Gerold,</subfield><subfield code="d">1960- ,</subfield><subfield code="e">author,</subfield><subfield code="e">editor of compilation.</subfield></datafield><datafield ind1="1" ind2=" " tag="700"><subfield code="a">Watanabe, Sh&#333;ichi,</subfield><subfield code="d">1953-</subfield><subfield code="e">author,</subfield><subfield code="e">editor of compilation.</subfield></datafield><datafield ind1=" " ind2="0" tag="830"><subfield code="a">Routledge studies in the modern history of Asia (2005) ;</subfield><subfield code="v">97.</subfield></datafield><datafield ind1="4" ind2="0" tag="856"><subfield code="3">MacEwan University Access</subfield><subfield code="u">http://lib.myilibrary.com/detail.asp?ID=634679</subfield><subfield code="z">(Single User Access)</subfield></datafield><datafield ind1=" " ind2=" " tag="949"><subfield code="w">ORDER</subfield><subfield code="h">UAIN</subfield><subfield code="m">GR_MAC_INT</subfield><subfield code="z">MILGMPSA</subfield></datafield><datafield ind1=" " ind2=" " tag="926"><subfield code="a">Internet Access</subfield><subfield code="w">ORDER</subfield><subfield code="c">1</subfield><subfield code="i">6678506-1001</subfield><subfield code="l">INTERNET</subfield><subfield code="m">GR_MAC_INT</subfield><subfield code="r">Y</subfield><subfield code="s">Y</subfield><subfield code="t">E-RESOURCE</subfield><subfield code="u">9/17/2014</subfield><subfield code="x">E-BOOK</subfield><subfield code="z">MILGMPSA</subfield></datafield></record>